<?xml version="1.0" encoding="UTF-8"?>
<record xmlns="http://www.loc.gov/MARC21/slim" xmlns:xsi="http://www.w3.org/2001/XMLSchema-instance" xsi:schemaLocation="http://www.loc.gov/MARC21/slim http://www.loc.gov/standards/marcxml/schema/MARC21slim.xsd">
<leader>00000cam a22      i 4500</leader>
<controlfield tag="001">001677423</controlfield>
<controlfield tag="003">NNU</controlfield>
<controlfield tag="005">20150603162651.0</controlfield>
<controlfield tag="008">880816s193u    ua            000 0 ararc</controlfield>
<datafield tag="010" ind1=" " ind2=" ">
<subfield code="a">   71218378</subfield>
</datafield>
<datafield tag="035" ind1=" " ind2=" ">
<subfield code="a">(OCoLC)18357161</subfield>
</datafield>
<datafield tag="040" ind1=" " ind2=" ">
<subfield code="a">WAU</subfield>
<subfield code="b">eng</subfield>
<subfield code="c">WAU</subfield>
<subfield code="d">IXA</subfield>
<subfield code="d">CUY</subfield>
<subfield code="d">OCLCF</subfield>
<subfield code="d">OCLCQ</subfield>
<subfield code="d">OCLCO</subfield>
<subfield code="d">NNU</subfield>
</datafield>
<datafield tag="042" ind1=" " ind2=" ">
<subfield code="a">pcc</subfield>
</datafield>
<datafield tag="050" ind1=" " ind2="4">
<subfield code="a">KBP310.I285</subfield>
<subfield code="b">A36 1930z</subfield>
</datafield>
<datafield tag="100" ind1="1" ind2=" ">
<subfield code="6">880-01</subfield>
<subfield code="a">Ibn Qudāmah, Muwaffaq al-Dīn ʻAbd Allāh ibn Aḥmad,</subfield>
<subfield code="d">1147-1223.</subfield>
</datafield>
<datafield tag="245" ind1="1" ind2="3">
<subfield code="6">880-02</subfield>
<subfield code="a">al-Muqniʻ fī fiqh imām al-Sunnah Aḥmad ibn Ḥanbal al-Shaybānī /</subfield>
<subfield code="c">taʼlīf Muwaffaq al-Dīn ʻAbd Allāh ibn Aḥmad Ibn Qudāmah al-Maqdisī.</subfield>
</datafield>
<datafield tag="260" ind1=" " ind2=" ">
<subfield code="6">880-03</subfield>
<subfield code="a">[al-Qāhirah] :</subfield>
<subfield code="b">al-Maṭbaʻah al-Salafīyah wa-Maktabatuhā,</subfield>
<subfield code="c">[193-?]</subfield>
</datafield>
<datafield tag="300" ind1=" " ind2=" ">
<subfield code="a">366 pages</subfield>
</datafield>
<datafield tag="336" ind1=" " ind2=" ">
<subfield code="a">text</subfield>
<subfield code="b">txt</subfield>
<subfield code="2">rdacontent</subfield>
</datafield>
<datafield tag="337" ind1=" " ind2=" ">
<subfield code="a">unmediated</subfield>
<subfield code="b">n</subfield>
<subfield code="2">rdamedia</subfield>
</datafield>
<datafield tag="338" ind1=" " ind2=" ">
<subfield code="a">volume</subfield>
<subfield code="b">nc</subfield>
<subfield code="2">rdacarrier</subfield>
</datafield>
<datafield tag="500" ind1=" " ind2=" ">
<subfield code="6">880-04</subfield>
<subfield code="a">Istidrāk: Iʻtamadnā fī ṭabʻ matn al-muqnaʻ ʻalá ṭabʻat al-manār sanat 1323 ...p.359</subfield>
</datafield>
<datafield tag="650" ind1=" " ind2="0">
<subfield code="a">Islamic law</subfield>
<subfield code="v">Early works to 1800.</subfield>
</datafield>
<datafield tag="650" ind1=" " ind2="0">
<subfield code="a">Hanbalites</subfield>
<subfield code="v">Early works to 1800.</subfield>
</datafield>
<datafield tag="650" ind1=" " ind2="7">
<subfield code="a">Hanbalites.</subfield>
<subfield code="2">fast</subfield>
<subfield code="0">(OCoLC)fst00950821</subfield>
</datafield>
<datafield tag="650" ind1=" " ind2="7">
<subfield code="a">Islamic law.</subfield>
<subfield code="2">fast</subfield>
<subfield code="0">(OCoLC)fst00979949</subfield>
</datafield>
<datafield tag="655" ind1=" " ind2="7">
<subfield code="a">Early works.</subfield>
<subfield code="2">fast</subfield>
<subfield code="0">(OCoLC)fst01411636</subfield>
</datafield>
<datafield tag="776" ind1="0" ind2="8">
<subfield code="i">Online version:</subfield>
<subfield code="a">Ibn Qudāmah, Muwaffaq al-Dīn ʻAbd Allāh ibn Aḥmad, 1147-1223.</subfield>
<subfield code="t">Muqniʻ fī fiqh imām al-Sunnah Aḥmad ibn Ḥanbal al-Shaybānī.</subfield>
<subfield code="d">[al-Qāhirah] : al-Maṭbaʻah al-Salafīyah wa-Maktabatuhā, [193-?]</subfield>
<subfield code="w">(OCoLC)770791723</subfield>
</datafield>
<datafield tag="880" ind1="1" ind2=" ">
<subfield code="6">100-01/</subfield>
<subfield code="a">ابن قدامة، موفق الدين عبد الله بن محمد،</subfield>
<subfield code="d">1147-1223.</subfield>
</datafield>
<datafield tag="880" ind1="1" ind2="2">
<subfield code="6">245-02/</subfield>
<subfield code="a">المقنع في فقه امام السنة احمد بن حنبل الشيباني /</subfield>
<subfield code="c">تأليف موفق الدين عبد الله بن احمد ابن قدامة المقدسي.</subfield>
</datafield>
<datafield tag="880" ind1=" " ind2=" ">
<subfield code="6">260-03/</subfield>
<subfield code="a">[القاهرة] :</subfield>
<subfield code="b">المطبعة السلفية ومكتبتها،</subfield>
<subfield code="c">[193-?]</subfield>
</datafield>
<datafield tag="880" ind1=" " ind2=" ">
<subfield code="6">500-04/</subfield>
<subfield code="a">"استدراك: أعتمدنا فى طبع متن المقنع على طبعة المنار سنة ١٣٢٣ ... "p.359--</subfield>
</datafield>
<datafield tag="OWN" ind1=" " ind2=" ">
<subfield code="a">GENERAL</subfield>
</datafield>
<datafield tag="AVA" ind1=" " ind2=" ">
<subfield code="a">NYU50</subfield>
<subfield code="b">BOBST</subfield>
<subfield code="c">Main Collection</subfield>
<subfield code="d">BP175.J5 I324</subfield>
<subfield code="e">unavailable</subfield>
<subfield code="t">Unavailable</subfield>
<subfield code="f">1</subfield>
<subfield code="g">1</subfield>
<subfield code="h">N</subfield>
<subfield code="i">0</subfield>
<subfield code="j">MAIN</subfield>
<subfield code="k">0</subfield>
</datafield>
</record>
